<record><leader>00000cas a22000007a 4500</leader><controlfield tag="001">21473255</controlfield><controlfield tag="008">900503d189019uuaruwr ne      0    0eng d</controlfield><datafield ind1=" " ind2=" " tag="010"><subfield code="a">sn 90050158 </subfield></datafield><datafield ind1=" " ind2=" " tag="040"><subfield code="a">ANU</subfield><subfield code="b">eng</subfield><subfield code="c">ANU</subfield><subfield code="d">OCLCQ</subfield></datafield><datafield ind1=" " ind2=" " tag="042"><subfield code="a">msc</subfield></datafield><datafield ind1="0" ind2="0" tag="245"><subfield code="a">Des Arc guidon.</subfield></datafield><datafield ind1=" " ind2=" " tag="260"><subfield code="a">Des Arc, Ark. :</subfield><subfield code="b">Emmet Vaughan</subfield></datafield><datafield ind1=" " ind2=" " tag="300"><subfield code="a">v.</subfield></datafield><datafield ind1=" " ind2=" " tag="310"><subfield code="a">Weekly</subfield></datafield><datafield ind1="1" ind2=" " tag="362"><subfield code="a">Began in 1890.</subfield></datafield><datafield ind1=" " ind2=" " tag="580"><subfield code="a">Continued by: Des Arc advocate (non-extant).</subfield></datafield><datafield ind1=" " ind2=" " tag="588"><subfield code="a">Description based on: Vol. 3, no. 25 (July 15, 1892).</subfield></datafield><datafield ind1=" " ind2=" " tag="752"><subfield code="a">United States</subfield><subfield code="b">Arkansas</subfield><subfield code="c">Prairie</subfield><subfield code="d">Des Arc.</subfield></datafield><datafield ind1="1" ind2="0" tag="785"><subfield code="t">Des Arc advocate</subfield></datafield></record>